% Encoding: UTF-8

@Article{周文博2019,
  author        = {周文博},
  title         = {环境空气质量气象影响因素的分析研究},
  journal       = {科技经济导刊},
  year          = {2019},
  volume        = {27},
  number        = {29},
  pages         = {103},
  __markedentry = {[whh:6]},
  abstract      = {随着现代社会的不断发展,国民经济飞速发展的同时,环境空气质量也受到了非常严重的影响,城市环境污染问题日益突出。本文就气象影响环境空气质量问题做出了一些探究。},
  keywords      = {环境空气;;气象影响;;空气质量},
}

@Article{郭一鸣2019,
  author        = {郭一鸣 and 蔺雪芹 and 边宇},
  title         = {中国城市群空气质量时空演化特征及其影响因素},
  journal       = {生态经济},
  year          = {2019},
  volume        = {35},
  number        = {11},
  pages         = {167--175},
  __markedentry = {[whh:6]},
  abstract      = {文章利用2015—2017年全国20个城市群的空气质量数据,分别从多个时间尺度比较总结了城市群空气质量的时空演化特征,对不同发展阶段城市群空气质量影响因素进行了量化分析并总结了社会经济驱动规律。研究表明:(1)2015—2017年,全国城市群空气质量指数波动上升;空气质量呈季节性变化;空气质量达标天数平均比例降低;空气质量指数空间上呈"北高南低"格局,且城市群内部空气质量趋于均衡;空气质量指数分布形态较为稳定,且不同类型城市群空气质量指数差距缩小;(2)人口集聚、人口城市化、土地城市化、能源消耗和技术进步对整体城市群空气质量变化具有显著影响,但各影响因素对不同发展阶段城市群的空气质量的影响方向和影响强度存在差异。},
  keywords      = {城市群;;空气质量;;时空演化;;影响因素;;中国},
}

@Article{Rafael2019,
  author        = {Rafael, Borge and Requia Weeberb, J. and Carlos, Yagüe and Iny, Jhun and Petros, Koutrakis},
  title         = {Impact of weather changes on air quality and related mortality in Spain over a 25 year period [1993-2017].},
  journal       = {Environment international},
  year          = {2019},
  volume        = {133},
  number        = {Pt B},
  __markedentry = {[whh:6]},
  abstract      = {Climate change is a major public health concern. In addition to its direct impacts on temperature patterns and extreme weather events, climate change affects public health indirectly through its influence on air quality. Pollution trends are not only affected by emissions changes but also by weather changes. In this paper we analyze air quality trends in Spain of important air pollutants (C<sub>6</sub>H<sub>6</sub>, CO, NO<sub>2</sub>, NO<sub>x</sub>, O<sub>3</sub>, PM<sub>10</sub>, PM<sub>2.5</sub>, and SO<sub>2</sub>) recorded during the last 25 years, from 1993 to 2017. We found substantial reductions in ambient concentration levels for all the pollutants studied except for O<sub>3</sub>. To assess the influence of recent weather changes on air quality trends we applied generalized additive models (GAMs) using nonparametric smoothing; with and without adjusting for weather parameters including temperature, wind speed, humidity and precipitation frequency. The difference of annual slopes estimated by the models without and with adjusting for these meteorological variables represents the impact of weather changes on pollutant trends, i.e. the 'weather penalty'. The analyses were seasonally and geographically stratified to account for temporal and regional differences across Spain. The results were meta-analyzed to estimate weather penalties on ambient concentration trends at a national level as well as the impact on mortality for the most relevant pollutants. We found significant penalties for most pollutants, implying that air quality would have improved even more during our study period if weather conditions had remained constant. The largest weather influences were found for PM<sub>10</sub>, with seasonal penalties up to 22 μg⋅m-3 accumulated over the 25-year period in some regions. The national meta-analysis shows penalties of 0.060 μg⋅m-3 per year (95% Confidence Interval, CI: 0.004, 0.116) in cold months and 0.127 μg⋅m-3 per year (95% CI: 0.089, 0.164) in warm months. Penalties of this magnitude would correspond to 129 annual deaths (95% CI: 25, 233), i.e. approximately 3200 deaths over the 25-year period in Spain. According to our results, the health benefits of recent emission abatements for this pollutant in Spain would have been up to 10% greater if weather conditions had remained constant during the last 25 years.},
  keywords      = {Air pollution;;Air quality trends;;GAMs;;Mortality;;Weather},
}

@Article{黄小刚2019,
  author        = {黄小刚 and 邵天杰 and 赵景波 and 曹军骥 and 岳大鹏 and 吕晓虎},
  title         = {长江经济带空气质量时空分布特征及影响因素的季节差异},
  journal       = {中国环境科学},
  year          = {2019},
  pages         = {1--11},
  __markedentry = {[whh:6]},
  abstract      = {基于2015—2018年空气质量实时监测数据，研究了长江经济带空气质量的时空变化特征，从大气污染物排放量和气象因素2方面选取评价指标，利用地理探测器揭示了长江经济带空气质量分布的影响因素及其季节变化。结果表明：（1）2015—2018年长江经济带空气质量总体趋于改善，平均超标率由19.8%降至16.2%，除O_(3)超标率上升外，其余常规监测指标均有不同程度的下降。（2）AQI月变化曲线大体呈U型，具有冬春高、夏秋低的特点。长江经济带空气质量改善主要体现在冬、秋2季，O_(3)浓度的上升使夏季空气超标率上升，春季变化不大。（3）AQI和空气超标率总体呈东高西低、北高南低的分布特征，其中上海、江苏、安徽中北部和浙江北部污染最严重，湖北中部和成渝地区其次，云南、贵州和四川西部空气质量良好。春、夏季AQI的差异主要表现为东西向，秋、冬季则主要表现为南北向。（4）污染物排放量因子对长江经济带AQI分布有显著的正向影响，气象因子的影响方向则随季节变化而变化。全年和春、秋、冬3季AQI的分布格局主要由大气污染物排放量决定，夏季气象因子的影响力则更大。},
  keywords      = {空气质量;;时空变化;;影响因子;;季节差异;;长江经济带},
}

@Article{柏玲2018,
  author        = {柏玲 and 姜磊 and 周海峰 and 陈忠升},
  title         = {长江经济带空气质量指数的时空特征及驱动因素分析——基于贝叶斯空间计量模型的实证},
  journal       = {地理科学},
  year          = {2018},
  volume        = {38},
  number        = {12},
  pages         = {2100--2108},
  __markedentry = {[whh:6]},
  abstract      = {基于2015年长江经济带126个城市空气质量监测数据,首先利用探索性空间数据分析方法揭示了空气质量指数(AQI)的时空演变特征,然后采用贝叶斯空间滞后模型探讨了长江经济带空气质量指数的社会经济驱动因素。研究结果表明:(1)长江经济带年AQI在空间上整体具有东高西低,长江以北高长江以南低的分布特点,具有明显的空间集聚特征。空气污染严重的热点地区主要集中长三角城市群的江苏省、浙北地区、皖北大部分地区以及上海市。空气质量较好的冷点地区则主要集中在云南省、四川的攀枝花以及贵州的大部分地区。(2)长江经济带AQI在季节上呈现冬春高、夏秋低的季节变化趋势。总体而言,四季的高值集聚主要分布在鄂皖苏,低值集聚主要分布在云贵地区。(3)贝叶斯空间滞后模型回归结果显示,长江经济带空气质量存在显著的空间溢出效应。此外,模型结果证实了"环境库兹涅兹曲线"假说;FDI回归系数为正,支持了"污染避难所"假说;人口密度、公路客运量均是导致空气污染加剧的重要因素,而第三产业比重和建成区绿化覆盖率增加有利于长江经济带空气质量的改善。},
  keywords      = {长江经济带;;空气质量指数;;空间自相关;;热点分析;;贝叶斯空间计量模型},
}

@Article{王超2019,
  author        = {王超 and 王国庆 and 吴利丰 and 李少波},
  title         = {基于灰色关联分析的邯郸市空气质量影响因素研究——以经济社会指标为视角},
  journal       = {数学的实践与认识},
  year          = {2019},
  volume        = {49},
  number        = {17},
  pages         = {151--155},
  __markedentry = {[whh:6]},
  abstract      = {运用灰色关联分析法研究了2014-2018年邯郸市部分经济社会指标与空气质量影响的关联程度.结果表明:工业增加值、能源消耗、邯郸市机动车拥有量是影响邯郸市空气污染的主要因素.其中工业增加值与SO_2关联程度最高,能源消耗与PM_(2.5)和PM_(10)关联程度最高,邯郸市机动车拥有量与NO_2、O_3、CO关联程度最高.针对空气质量影响因素的分析,提出产业升级改造,优化能源结构,绿色出行等建议.},
  keywords      = {邯郸市;;灰色关联分析;;空气质量指数(AQI)},
}

@Article{李桂兰2019,
  author        = {李桂兰},
  title         = {城市环境空气质量状况及影响因素与污染防治对策分析},
  journal       = {绿色环保建材},
  year          = {2019},
  number        = {09},
  pages         = {44--45},
  __markedentry = {[whh:6]},
  abstract      = {随着经济社会的快速发展,城市规模的不断扩大和人口的不断增加,城市环境空气污染已经成为影响城市发展和居民身心健康的重要因素之一。空气污染是一个复杂的人类和自然因素之间的相互作用的结果。分析城市空气质量的主要影响因素,对城市空气污染的治理具有十分重要的指导意义。根据国家环保局发布的数据,通过回归分析研究了环境污染的主要因素。研究表明,城市污染控制的主要因素包括城市的特征因素,排放因子和气象因素,这与空气质量显著相关。其中,住宅建筑面积、民用汽车拥有量、工业二氧化硫总量和烟气排放量与城市环境控制质量显著正相关。绿地面积、气温、降水量与空气质量呈显著负相关。在相关实证结果的基础上,提出了提高城市控制质量的政策建议。},
  keywords      = {空气质量状况;;影响因素;;污染防止;;对策分析},
}

@Article{吴雪萍2018,
  author        = {吴雪萍 and 高明 and 曾岚婷},
  title         = {基于半参数空间模型的空气污染与经济增长关系再检验},
  journal       = {统计研究},
  year          = {2018},
  volume        = {35},
  number        = {08},
  pages         = {82--93},
  __markedentry = {[whh:6]},
  abstract      = {本文选取2001-2014年我国30个省份数据作为样本,考虑空气污染的空间自相关性,采用空间杜宾滞后模型(SDM)和半参数空间滞后模型实证检验经济增长与空气污染的非线性关系。结果表明:①我国空气污染存在显著的空间正相关性,高空气污染水平集聚地随时间推移呈现出"由西向东"的转移特征;②空气污染与经济增长存在一种震荡曲线形式的关系,并不完全吻合传统的EKC倒U型曲线形状,但震荡关系也符合EKC所描述的环境污染与经济增长的关系将长期存在的特征,说明了经济增长并不能自发解决空气污染问题;③半参数空间滞后模型的拟合优度高于普通参数模型,其刻画的空气污染与经济增长的非线性特征验证了前人对二者震荡关系的猜想,结果更为稳健、准确与有效。},
  keywords      = {空气污染;;经济增长;;空间计量;;半参数空间滞后模型},
}

@Article{王乐2019,
  author        = {王乐 and 田东方},
  title         = {基于灰色关联分析法的宜昌市空气质量影响因素分析},
  journal       = {能源环境保护},
  year          = {2019},
  number        = {05},
  pages         = {60--64},
  __markedentry = {[whh:6]},
  abstract      = {基于宜昌市空气质量监测数据(2014-2017年),通过灰色关联分析法探讨了空气质量影响因素之间的敏感度。结果表明:在宜昌市空气质量的主要污染物(SO_2、NO_2、PM_(10)、PM_(2.5)、CO以及O_3)中,SO_2、NO_2、PM_(10)、PM_(2.5)的主要影响因素为森林覆盖率、年末总人口、工业烟粉尘排放量;CO与O_3的影响因素较为相似,主要为地区生产总值、入境旅游人数、工业生产总值、建筑业生产总值以及人均公共绿地面积,但CO的主要影响因素还包括施工面积。},
  keywords      = {灰色关联分析法;;空气质量;;宜昌},
}

@Article{胡世前2016,
  author        = {胡世前 and 姜倩雯 and 凌冰 and 尹伟东},
  title         = {基于改进支持向量机的空气质量监测预警模型},
  journal       = {江苏大学学报(自然科学版)},
  year          = {2016},
  volume        = {37},
  number        = {04},
  pages         = {491--496},
  __markedentry = {[whh:6]},
  abstract      = {在使用粒子群和组合预测方法改进传统支持向量机预测精度的基础上,构建了基于空气质量指数的城市空气质量监测预警模型.在参数优化方面,为了提高惩罚参数和核参数的选择精度,利用带收敛因子的粒子群算法,优化了网格搜索交叉验证法的参数筛选流程;在模型改进方面,为综合利用多种预测算法的优势,引入组合预测方式对灰色预测、时间序列预测和PSO-SVM模型的预测结果进行最优线性组合.结果表明:改进后的参数筛选流程和支持向量机的空气质量监测预警模型具有预测数据结构风险低、预测均方误差最小、运算精度高、运算速度快和适用性广等特征.},
  keywords      = {空气质量指数;;参数优化;;支持向量机;;粒子群算法;;组合预测},
}

@Article{李陈2016,
  author        = {李陈},
  title         = {中国160座城市空气质量影响因素定量分析},
  journal       = {生态经济},
  year          = {2016},
  volume        = {32},
  number        = {10},
  pages         = {151--153+168},
  __markedentry = {[whh:6]},
  abstract      = {收集并建立环保部公布的空气质量指数数据库,构建空气质量指数回归模型。回归结果显示:在控制其他变量不变的前提下,随着工业企业数量的增加,空气质量指数的贡献在4.68%~5.54%。在控制其他变量不变的前提下,工业烟(粉)尘排放量每增加排放1吨,空气质量指数将增加9.25%~9.70%。},
  keywords      = {空气质量指数;;160座城市;;回归分析},
}

@Article{刘威2013,
  author        = {刘威},
  title         = {基于支持向量机的城市空气质量时间序列预测模型探究},
  journal       = {电子测试},
  year          = {2013},
  number        = {20},
  pages         = {44--46},
  __markedentry = {[whh:6]},
  abstract      = {空气污染问题在当下是一个十分严重的问题。开展空气质量监测、预测工作对于污染控制,降低危害具有重要意义。支持向量机模型是进行回归预测性能良好的工具,并可用于时间序列预测。文章采用径向基函数作为核函数,用交叉验证的方法优化参数构造支持向量机时间序列预测模型,选取某地市2013年1月至8月的空气质量指数作为空气质量参数进行实证分析,表明模型预测效果很好,具有一定实用价值。},
  keywords      = {支持向量机;;城市空气质量;;时间序列;;参数选择;;预测},
}

@Article{闫妍2013,
  author        = {闫妍 and 张云鹏 and 李铠月 and 杨光美},
  title         = {基于BP神经网络的西安环境空气质量的预测},
  journal       = {电子设计工程},
  year          = {2013},
  volume        = {21},
  number        = {21},
  pages         = {54--57},
  __markedentry = {[whh:6]},
  abstract      = {针对目前空气质量污染日益严重的问题,提出了一种基于神经网络的环境空气质量的预测方法。借助于Matlab分别建立空气污染指数(API)和环境空气质量指数(AQI)对空气质量影响的数学模型。利用Matlab对各污染物浓度数据进行分析,计算相应的空气污染指数(API)和环境空气质量指数(AQI),对结果进行对比。运用BP人工神经网络的多层神经网络对全市大气污染物浓度的实测值进行训练学习,建立模型。同时结合未来一周西安市天气预报,用此模型对污染物浓度进行预测和预报,以达到对大气环境质量进行预测预警的作用。应用实例表明:人工神经网络应用于大气环境质量预测预警是比较理想的。},
  keywords      = {BP人工神经网络;;空气污染指数(API);;空气质量指数(AQI);;QI与API评价模型},
}

@Comment{jabref-meta: databaseType:bibtex;}
