% Encoding: UTF-8

@Article{郭一鸣2019,
  author        = {郭一鸣 and 蔺雪芹 and 边宇},
  title         = {中国城市群空气质量时空演化特征及其影响因素},
  journal       = {生态经济},
  year          = {2019},
  volume        = {35},
  number        = {11},
  pages         = {167--175},
  __markedentry = {[whh:6]},
  abstract      = {文章利用2015—2017年全国20个城市群的空气质量数据,分别从多个时间尺度比较总结了城市群空气质量的时空演化特征,对不同发展阶段城市群空气质量影响因素进行了量化分析并总结了社会经济驱动规律。研究表明:(1)2015—2017年,全国城市群空气质量指数波动上升;空气质量呈季节性变化;空气质量达标天数平均比例降低;空气质量指数空间上呈"北高南低"格局,且城市群内部空气质量趋于均衡;空气质量指数分布形态较为稳定,且不同类型城市群空气质量指数差距缩小;(2)人口集聚、人口城市化、土地城市化、能源消耗和技术进步对整体城市群空气质量变化具有显著影响,但各影响因素对不同发展阶段城市群的空气质量的影响方向和影响强度存在差异。},
  keywords      = {城市群;;空气质量;;时空演化;;影响因素;;中国},
}

@Article{陈卫卫2019,
  author        = {陈卫卫 and 刘阳 and 吴雪伟 and 鲍秋阳 and 高枞亭 and 张学磊 and 赵红梅 and 张世春 and 修艾军 and 程天海},
  title         = {东北区域空气质量时空分布特征及重度污染成因分析},
  journal       = {环境科学},
  year          = {2019},
  volume        = {40},
  number        = {11},
  pages         = {4810--4823},
  __markedentry = {[whh:6]},
  abstract      = {东北已成为我国又一个霾污染多发和重发区域.采用2013～2017年东北区域大气污染物地面监测数据、卫星数据和气象数据等信息,探讨了中国东北地区空气质量时空分布特征与重度污染成因.结果表明,"沈阳-长春-哈尔滨"带状城市群是全年污染最严重的区域,空气质量指数(AQI)的空间分布具有明显的季节性,冬季污染最严重,春季吉林省西部周围为椭圆形污染区,夏季和秋季大部分时间空气质量最佳.3个典型的霾污染时期是10月下旬和11月上旬(即秋末和初冬,时期一),12月下旬和1月(即冬季最冷的时候,时期二),及4月到5月中旬(即春季沙尘和农业耕作期).时期一,季节性作物残茬焚烧和冬季采暖用煤燃烧产生的PM_(2.5)强排放是极端霾事件发生的主要原因(AQI> 300);时期二,在最严寒月份里,重度霾污染事件(200 <AQI <300),主要由燃煤和汽车燃料消耗的PM_(2.5)排放量高,大气边界层较低,以及大气扩散性差等共同引起;时期三,春季PM_(10)浓度较高,主要是由内蒙古中部退化草原的风沙和吉林省西部裸地的区域性扬尘传输造成的.同时,当地农业耕作本身也释放PM_(10),并提升了裸土的人为源矿物尘的排放强度.},
  keywords      = {PM_(10);;PM_(2.5);;中分辨率成像光谱仪(MODIS);;云-气溶胶激光雷达与红外探路者卫星观测(CALIPSO);;农业活动;;燃料消耗;;气溶胶光学厚度(AOD)},
}

@Article{李健2019,
  author        = {李健 and 靳泽凡 and 苑清敏},
  title         = {京津冀空气质量环境库兹涅茨曲线及影响因素——基于2006—2017年面板数据的分析},
  journal       = {生态经济},
  year          = {2019},
  volume        = {35},
  number        = {02},
  pages         = {197--201+218},
  __markedentry = {[whh:6]},
  abstract      = {通过构建空气质量环境库兹涅茨曲线模型,选取空气质量达到或好于二级的天数为因变量,实证分析了2006—2017年京津冀地区空气质量与经济增长之间的关系,计算出空气质量变化的拐点,并选取代表性变量研究空气质量的影响因素。结果表明,京津冀地区空气质量的环境库兹涅茨曲线为倒"N"型,但未达到拐点。产业结构对空气质量有负向影响,人口密度、城市化进程和城市绿化程度对空气质量的改善有积极作用,但城市绿化程度加大对空气质量的改善效果不显著。在上述结论基础上,提出了缓解京津冀地区空气污染建议。},
  keywords      = {京津冀;;空气质量;;环境库兹涅茨曲线;;城市经济发展},
}

@Article{王超2019,
  author        = {王超 and 王国庆 and 吴利丰 and 李少波},
  title         = {基于灰色关联分析的邯郸市空气质量影响因素研究——以经济社会指标为视角},
  journal       = {数学的实践与认识},
  year          = {2019},
  volume        = {49},
  number        = {17},
  pages         = {151--155},
  __markedentry = {[whh:6]},
  abstract      = {运用灰色关联分析法研究了2014-2018年邯郸市部分经济社会指标与空气质量影响的关联程度.结果表明:工业增加值、能源消耗、邯郸市机动车拥有量是影响邯郸市空气污染的主要因素.其中工业增加值与SO_2关联程度最高,能源消耗与PM_(2.5)和PM_(10)关联程度最高,邯郸市机动车拥有量与NO_2、O_3、CO关联程度最高.针对空气质量影响因素的分析,提出产业升级改造,优化能源结构,绿色出行等建议.},
  keywords      = {邯郸市;;灰色关联分析;;空气质量指数(AQI)},
}

@Article{李惠娟2018,
  author        = {李惠娟 and 周德群 and 魏永杰},
  title         = {中国主要城市空气污染的影响因素——基于污染源解析的研究},
  journal       = {生态经济},
  year          = {2018},
  volume        = {34},
  number        = {04},
  pages         = {197--203},
  __markedentry = {[whh:6]},
  abstract      = {根据环保部门的污染源解析结果,建立面板计量经济学模型,探讨2002—2015年74个按空气质量新标准第一阶段监测城市的空气污染人为影响因素,并按冬季是否集中供暖分为南方与北方城市,按经济发展状况分为东部、中部与西部城市。结果表明,煤炭消耗、第二产业比重几乎是南北方、东中西部所有城市空气污染的显著性影响因素,汽车拥有量主要对南方城市、东部城市有显著影响,房地产开发的影响则不太显著。最后从煤炭消耗、第二产业发展、汽车使用、建筑施工等方面提出治理空气污染的建议。},
  keywords      = {空气污染;;污染源解析;;影响因素;;面板模型;;地域差异},
}

@Article{吴雪萍2018,
  author        = {吴雪萍 and 高明 and 曾岚婷},
  title         = {基于半参数空间模型的空气污染与经济增长关系再检验},
  journal       = {统计研究},
  year          = {2018},
  volume        = {35},
  number        = {08},
  pages         = {82--93},
  __markedentry = {[whh:6]},
  abstract      = {本文选取2001-2014年我国30个省份数据作为样本,考虑空气污染的空间自相关性,采用空间杜宾滞后模型(SDM)和半参数空间滞后模型实证检验经济增长与空气污染的非线性关系。结果表明:①我国空气污染存在显著的空间正相关性,高空气污染水平集聚地随时间推移呈现出"由西向东"的转移特征;②空气污染与经济增长存在一种震荡曲线形式的关系,并不完全吻合传统的EKC倒U型曲线形状,但震荡关系也符合EKC所描述的环境污染与经济增长的关系将长期存在的特征,说明了经济增长并不能自发解决空气污染问题;③半参数空间滞后模型的拟合优度高于普通参数模型,其刻画的空气污染与经济增长的非线性特征验证了前人对二者震荡关系的猜想,结果更为稳健、准确与有效。},
  keywords      = {空气污染;;经济增长;;空间计量;;半参数空间滞后模型},
}

@Article{王乐2019,
  author        = {王乐 and 田东方},
  title         = {基于灰色关联分析法的宜昌市空气质量影响因素分析},
  journal       = {能源环境保护},
  year          = {2019},
  number        = {05},
  pages         = {60--64},
  __markedentry = {[whh:6]},
  abstract      = {基于宜昌市空气质量监测数据(2014-2017年),通过灰色关联分析法探讨了空气质量影响因素之间的敏感度。结果表明:在宜昌市空气质量的主要污染物(SO_2、NO_2、PM_(10)、PM_(2.5)、CO以及O_3)中,SO_2、NO_2、PM_(10)、PM_(2.5)的主要影响因素为森林覆盖率、年末总人口、工业烟粉尘排放量;CO与O_3的影响因素较为相似,主要为地区生产总值、入境旅游人数、工业生产总值、建筑业生产总值以及人均公共绿地面积,但CO的主要影响因素还包括施工面积。},
  keywords      = {灰色关联分析法;;空气质量;;宜昌},
}

@Article{王立平2016,
  author        = {王立平 and 陈俊},
  title         = {中国雾霾污染的社会经济影响因素——基于空间面板数据EBA模型实证研究},
  journal       = {环境科学学报},
  year          = {2016},
  volume        = {36},
  number        = {10},
  pages         = {3833--3839},
  __markedentry = {[whh:6]},
  abstract      = {依据环境经济学理论,运用空间极限边界分析模型,采用中国2003—2013年30个省际面板数据,从经济、人口、政策三方面入手,遴选尽可能多的社会经济变量,探究中国雾霾污染的空间相关性及其影响因素.结果显示中国雾霾污染具有空间溢出效应且京津冀、长三角及中东部部分地区出现高-高集聚现象.产业结构、能源消费结构、城市建筑施工、人口规模以及汽车保有量对雾霾污染具有抗干扰性的"稳健性"影响.最后依据实证结论提出了一些政策建议,如进行雾霾区域联合防治,转变经济发展方式,清洁高效使用煤炭,合理布局城市人口等.这些建议为政府制定治理雾霾政策提供决策依据和参考.},
  keywords      = {雾霾污染;;社会经济因素;;EBA模型;;“稳健性”检验},
}

@Article{李陈2016,
  author        = {李陈},
  title         = {中国160座城市空气质量影响因素定量分析},
  journal       = {生态经济},
  year          = {2016},
  volume        = {32},
  number        = {10},
  pages         = {151--153+168},
  __markedentry = {[whh:6]},
  abstract      = {收集并建立环保部公布的空气质量指数数据库,构建空气质量指数回归模型。回归结果显示:在控制其他变量不变的前提下,随着工业企业数量的增加,空气质量指数的贡献在4.68%~5.54%。在控制其他变量不变的前提下,工业烟(粉)尘排放量每增加排放1吨,空气质量指数将增加9.25%~9.70%。},
  keywords      = {空气质量指数;;160座城市;;回归分析},
}

@Article{李斌2014,
  author        = {李斌 and 李拓},
  title         = {中国空气污染库兹涅茨曲线的实证研究——基于动态面板系统GMM与门限模型检验},
  journal       = {经济问题},
  year          = {2014},
  number        = {04},
  pages         = {17--22},
  __markedentry = {[whh:6]},
  abstract      = {基于对传统环境库兹涅茨曲线的扩展,利用2000~2011年中国省域面板数据构建系统GMM模型与门限模型,研究中国及区域空气污染库兹涅茨曲线的存在性及其影响因素。结果表明,中国存在倒"U"型的空气污染库兹涅茨曲线;东南沿海、"东北—渤海湾"、西部地区曲线为倒"U"型,中南地区为"U"型,"黄淮中下游"地区空气污染与经济增长正相关。能源效率、产业结构、火电发电比例、城市化、人口结构及经济开放等因素会对空气污染产生影响。},
  keywords      = {空气污染;;库兹涅茨曲线;;动态GMM;;区域分析},
}

@Article{李静萍2017,
  author        = {李静萍 and 周景博},
  title         = {工业化与城市化对中国城市空气质量影响路径差异的研究},
  journal       = {统计研究},
  year          = {2017},
  volume        = {34},
  number        = {04},
  pages         = {50--58},
  __markedentry = {[whh:6]},
  abstract      = {本文采用结构方程模型,以2014年全国113个环境保护重点城市为样本,就工业化和城市化进程对空气质量的影响进行了研究。研究结果表明:工业化和城市化对我国城市空气质量的影响路径和影响模式均有显著差异。工业化对空气质量具有直接影响,影响模式为正向线性;城市化对空气质量具有间接影响,其中,人口比重对空气质量的影响为负向线性,人口密度的影响表现为"倒U型",人口密度影响拐点的置信区间为(363,1232)人/平方千米,2014年,有64个城市在此区间内,需要决策者重点关注。本文的创新在于首次将SEM引入空气质量影响因素研究领域,在实证分析中揭示出工业化和城市化对城市空气质量影响的不同路径与模式;并提出,城市化率的提高和第二产业比重的降低均有助于空气质量的改善,从改善空气质量的角度,应将集中型城市化作为我国城市化的基本路径。},
  keywords      = {空气质量;;工业化;;城市化;;结构方程模型;;城市},
}

@Article{罗静2017,
  author        = {罗静 and 田茂再},
  title         = {基于负二项回归模型的空气质量指数分析},
  journal       = {统计与信息论坛},
  year          = {2017},
  volume        = {32},
  number        = {07},
  pages         = {88--94},
  __markedentry = {[whh:6]},
  abstract      = {空气质量指数是与人们的日常活动密切相关的指标。基于中国18个城市2014年共52个周的空气污染计数数据进行负二项回归分析,通过运用广义线性混合效应模型和广义估计方程的方法进行比较分析,从理论和实际应用上得到了一定结论。研究结果表明:广义线性混合效应模型和广义估计方程两种方法在分析空气污染问题中差别不大;人口因素、城市园林绿化状况、气象因素、城市群效应以及季节效应对所研究城市的空气污染状况发生与否及其严重程度有显著的影响。},
  keywords      = {空气质量指数;;广义线性混合效应;;广义估计方程},
}

@Comment{jabref-meta: databaseType:bibtex;}
