% This file was created with JabRef 2.9.2.
% Encoding: UTF8

@ARTICLE{Christensen1992Case,
  author = {Christensen, Ronald and Pearson, Larry M and Johnson, Wesley},
  title = {Case-deletion diagnostics for mixed models},
  journal = {Technometrics},
  year = {1992},
  volume = {34},
  pages = {38--45},
  number = {1},
  owner = {JinLin},
  publisher = {Taylor \& Francis Group},
  timestamp = {2013.03.02}
}

@ARTICLE{LiuHong2009,
  author = {刘洪 and 黄燕},
  title = {基于经典计量模型的统计数据质量评估方法},
  journal = {统计研究},
  year = {2009},
  volume = {26},
  pages = {91--96},
  number = {3},
  language = {C}
}

@ARTICLE{LuErpo2006,
  author = {卢二坡},
  title = {统计数据质量评估方法述评},
  journal = {统计与决策},
  year = {2006},
  pages = {70--71},
  number = {23},
  language = {Chinese}
}

@ARTICLE{LuErpo2010,
  author = {卢二坡 and 黄炳艺},
  title = {基于稳健 MM 估计的统计数据质量评估方法},
  journal = {统计研究},
  year = {2010},
  volume = {27},
  pages = {16--22},
  number = {12},
  language = {Chinese},
  owner = {JinLin},
  timestamp = {2013.02.28}
}

@ARTICLE{ShanHaojie2008,
  author = {单豪杰},
  title = {中国资本存量 K 的再估算: 1952-2006 年},
  journal = {数量经济技术经济研究},
  year = {2008},
  volume = {25},
  pages = {17--31},
  number = {10},
  language = {C}
}

@ARTICLE{XuXianchun2010,
  author = {许宪春},
  title = {准确理解中国经济统计},
  journal = {经济研究},
  year = {2010},
  pages = {21--31},
  number = {5},
  language = {Chinese},
}


@ARTICLE{aitkin1999general,
  author = {Aitkin, Murray},
  title = {A general maximum likelihood analysis of variance components in generalized
	linear models},
  journal = {Biometrics},
  year = {1999},
  volume = {55},
  pages = {117--128},
  number = {1},
  owner = {JinLin},
  publisher = {Wiley Online Library},
  timestamp = {2013.02.28}
}

@ARTICLE{banerjee1997influence,
  author = {Banerjee, Mousumi and Frees, Edward W},
  title = {Influence diagnostics for linear longitudinal models},
  journal = {Journal of the American Statistical Association},
  year = {1997},
  volume = {92},
  pages = {999--1005},
  number = {439},
  owner = {JinLin},
  publisher = {Taylor \& Francis},
  timestamp = {2013.03.02}
}

@ARTICLE{beck1998beyond,
  author = {Beck, Nathaniel and Jackman, Simon},
  title = {Beyond Linearity by Default: Generalized Additive Models},
  journal = {American Journal of Political Science},
  year = {1998},
  volume = {42},
  pages = {596--627},
  number = {2},
  owner = {JinLin},
  publisher = {Midwest Political Science Association},
  timestamp = {2013.02.28}
}

@ARTICLE{beckman1987diagnostics,
  author = {Beckman, Richard J and Nachtsheim, Christopher J and Cook, R Dennis},
  title = {Diagnostics for Mixed--Model Analysis of Variance},
  journal = {Technometrics},
  year = {1987},
  volume = {29},
  pages = {413--426},
  number = {4},
  publisher = {Taylor \& Francis Group}
}

@book{belsley2005regression,
  title={Regression Diagnostics: Identifying Influential Data and Sources of Collinearity},
  author={Belsley, D.A. and Kuh, E. and Welsch, R.E.},
  isbn={9780471725145},
  series={Wiley Series in Probability and Statistics},
  year={2005},
  publisher={John Wiley \& Sons},
address={New York},
}

@ARTICLE{berhane2008generalized,
  author = {Berhane, Kiros and Tibshirani, Robert J},
  title = {Generalized additive models for longitudinal data},
  journal = {Canadian Journal of Statistics},
  year = {2008},
  volume = {26},
  pages = {517--535},
  number = {4},
  owner = {JinLin},
  publisher = {Wiley Online Library},
  timestamp = {2013.02.28}
}

@BOOK{berk2004regression,
  title = {Regression Analysis: A Constructive Critique},
  publisher = {SAGE Publications},
  year = {2004},
  author = {Berk, R.A.},
  series = {Advanced Quantitative Techniques in the Social Sciences},
  address = {Thousand Oaks,CA},
  isbn = {9780761929048},
  lccn = {03046500},
  owner = {JinLin},
  timestamp = {2013.02.28}
}

@ARTICLE{box1964analysis,
  author = {Box, George EP and Cox, David R},
  title = {An Analysis of Transformations},
  journal = {Journal of the Royal Statistical Society. Series B (Methodological)},
  year = {1964},
  volume = {26},
  pages = {211--252},
  number = {2},
  owner = {JinLin},
  timestamp = {2013.02.28}
}

@TECHREPORT{box1979robustness,
  author = {Box, George EP},
  title = {Robustness in the strategy of scientific model building},
  institution = {Wisconsin University-Madison Mathematics Research Center},
  year = {1979},
  address = {Madison, U.S.A},
  owner = {JinLin},
  timestamp = {2013.02.28}
}

@BOOK{box2004event,
  title = {Event history modeling: A guide for social scientists},
  publisher = {Cambridge University Press},
  year = {2004},
  author = {Box-Steffensmeier, Janet M and Jones, Bradford S},
  address = {Cambridge},
  owner = {JinLin},
  timestamp = {2013.02.28}
}

@ARTICLE{breslow1993approximate,
  author = {Breslow, NE and Clayton, DG},
  title = {Approximate Inference in Generalized Linear Mixed Models},
  journal = {Journal of the American Statistical Association},
  year = {1993},
  volume = {88},
  pages = {9--25},
  number = {421},
  owner = {JinLin},
  timestamp = {2013.02.28}
}

@ARTICLE{brumback1998smoothing,
  author = {Brumback, Babette A and Rice, John A},
  title = {Smoothing spline models for the analysis of nested and crossed samples
	of curves},
  journal = {Journal of the American Statistical Association},
  year = {1998},
  volume = {93},
  pages = {961--976},
  number = {443},
  owner = {JinLin},
  publisher = {Taylor \& Francis},
  timestamp = {2013.02.28}
}

@BOOK{carroll1988transformation,
  title = {Transformation and weighting in regression},
  publisher = {Chapman \& Hall/CRC},
  year = {1988},
  author = {Carroll, Raymond J and Ruppert, David},
  volume = {30},
  address = {London},
  owner = {JinLin},
  timestamp = {2013.02.28}
}

@article{chatterjee1986influential,
  title={Influential observations, high leverage points, and outliers in linear regression},
  author={Chatterjee, Samprit and Hadi, Ali S},
  journal={Statistical Science},
  volume={1},
  number={3},
  pages={379--393},
  year={1986},
  publisher={Institute of Mathematical Statistics}
}

@ARTICLE{christensen1992prediction,
  author = {Christensen, Ronald and Johnson, Wesley and Pearson, Larry M},
  title = {Prediction diagnostics for spatial linear models},
  journal = {Biometrika},
  year = {1992},
  volume = {79},
  pages = {583--591},
  number = {3},
  owner = {JinLin},
  publisher = {Biometrika Trust},
  timestamp = {2013.03.04}
}

@ARTICLE{christensen1993covariance,
  author = {Christensen, Ronald and Johnson, Wesley and Pearson, Larry M},
  title = {Covariance function diagnostics for spatial linear models},
  journal = {Mathematical geology},
  year = {1993},
  volume = {25},
  pages = {145--160},
  number = {2},
  owner = {JinLin},
  publisher = {Springer},
  timestamp = {2013.03.04}
}

@ARTICLE{cleveland1979robust,
  author = {Cleveland, William S},
  title = {Robust locally weighted regression and smoothing scatterplots},
  journal = {Journal of the American Statistical Association},
  year = {1979},
  volume = {74},
  pages = {829--836},
  number = {368},
  owner = {JinLin},
  publisher = {Taylor \& Francis Group},
  timestamp = {2013.02.28}
}

@BOOK{cleveland1993visualizing,
  title = {Visualizing data},
  publisher = {Hobart Press},
  year = {1993},
  author = {Cleveland, William S},
  address = {Lafayette, USA},
  owner = {JinLin},
  timestamp = {2013.02.28}
}

@article{cook1977detection,
  title={Detection of Influential Observation in Linear Regression},
  author={Cook, R Dennis},
  journal={Technometrics},
  volume={19},
  number={1},
  pages={15--18},
  year={1977}
}

@article{cook1979influential,
  title={Influential observations in linear regression},
  author={Cook, R Dennis},
  journal={Journal of the American Statistical Association},
  volume={74},
  number={365},
  pages={169--174},
  year={1979},
  publisher={Taylor \& Francis Group}
}

@book{cook1982residuals,
  title={Residuals and influence in regression},
  author={Cook, R Dennis and Weisberg, Sanford},
  volume={5},
  year={1982},
  publisher={Chapman and Hall},
address={New York},
}

@ARTICLE{cook1986assessment,
  author = {Cook, R Dennis},
  title = {Assessment of Local Influence},
  journal = {Journal of the Royal Statistical Society. Series B (Methodological)},
  year = {1986},
  volume = {48},
  pages = {133--169},
  number = {2},
  owner = {JinLin},
  timestamp = {2013.03.04}
}

@article{dang2010nonparametric,
  title={Nonparametric depth-based multivariate outlier identifiers, and masking robustness properties},
  author={Dang, Xin and Serfling, Robert},
  journal={Journal of Statistical Planning and Inference},
  volume={140},
  number={1},
  pages={198--213},
  year={2010},
  publisher={Elsevier}
}

@BOOK{de1978practical,
  title = {A Practical Guide To Splines},
  publisher = {Springer},
  year = {2001},
  author = {De Boor, Carl},
  address = {New York},
  owner = {JinLin},
  timestamp = {2013.02.28}
}

@book{demidenko2004mixed,
  title={Mixed models: theory and applications},
  author={Demidenko, Eugene},
  volume={518},
  year={2004},
  publisher={Wiley-Interscience},
address={New York},
}

@article{demidenko2005influence,
  title={Influence analysis for linear mixed-effects models},
  author={Demidenko, Eugene and Stukel, Therese A},
  journal={Statistics in Medicine},
  volume={24},
  number={6},
  pages={893--909},
  year={2005},
  publisher={Wiley Online Library}
}

@ARTICLE{diggle1998nonparametric,
  author = {Diggle, PJ and Verbyla, AP and others},
  title = {Nonparametric estimation of covariance structure in longitudinal
	data.},
  journal = {Biometrics},
  year = {1998},
  volume = {54},
  pages = {401},
  number = {2},
  owner = {JinLin},
  timestamp = {2013.02.28}
}

@article{domar1946capital,
  title={Capital Expansion, Rate of Growth, and Employment},
  author={Domar, Evsey D},
  journal={Econometrica},
  volume={14},
  number={2},
  pages={137--147},
  year={1946}
}

@BOOK{efron1994introduction,
  title = {An introduction to the bootstrap},
  publisher = {Chapman \& Hall/CRC},
  year = {1994},
  author = {Efron, Bradley and Tibshirani, Robert J},
  volume = {57},
  address = {London},
  owner = {JinLin},
  timestamp = {2013.02.28}
}

@ARTICLE{eiters1996flexible,
  author = {Eiters, Paul HC and Marx, Brian D},
  title = {Flexible Smoothing with B-splines and Penalties},
  journal = {Statistical Science},
  year = {1996},
  volume = {11},
  pages = {89--121},
  number = {2},
  owner = {JinLin},
  timestamp = {2013.02.28}
}

@ARTICLE{engle1986semiparametric,
  author = {Engle, RF and Granger, CWJ and Rice, J. and Weiss, A.},
  title = {Semiparametric estimates of the relation between weather and electricity
	sales},
  journal = {Journal of the American Statistical Association},
  year = {1986},
  volume = {81},
  pages = {310--320},
  number = {394},
  owner = {JinLin},
  publisher = {American Statistical Association},
  timestamp = {2013.02.28}
}

@BOOK{eubank1999nonparametric,
  title = {Nonparametric regression and spline smoothing},
  publisher = {Chapman \& Hall/CRC},
  year = {1999},
  author = {Eubank, R.L.},
  address = {New York},
  owner = {JinLin},
  timestamp = {2013.02.28}
}

@ARTICLE{fahrmeir2001bayesian,
  author = {Fahrmeir, L. and Lang, S.},
  title = {Bayesian inference for generalized additive mixed models based on
	Markov random field priors},
  journal = {Journal of the Royal Statistical Society: Series C (Applied Statistics)},
  year = {2001},
  volume = {50},
  pages = {201--220},
  number = {2},
  owner = {JinLin},
  publisher = {Wiley Online Library},
  timestamp = {2013.02.28}
}

@ARTICLE{fan1992variable,
  author = {Fan, Jq and Gijbels, Ir{\`e}ne},
  title = {Variable bandwidth and local linear-regression smoothers},
  journal = {The Annals of Statistics},
  year = {1992},
  volume = {20},
  pages = {2008--2036},
  number = {4},
  owner = {JinLin},
  timestamp = {2013.02.28}
}

@ARTICLE{fan1993local,
  author = {Fan, Jianqing},
  title = {Local linear regression smoothers and their minimax efficiencies},
  journal = {The Annals of Statistics},
  year = {1993},
  volume = {21},
  pages = {196--216},
  number = {1},
  owner = {JinLin},
  publisher = {Institute of Mathematical Statistics},
  timestamp = {2013.02.28}
}

@ARTICLE{fisher1922mathematical,
  author = {Fisher, Ronald A},
  title = {On the mathematical foundations of theoretical statistics},
  journal = {Philosophical Transactions of the Royal Society of London. Series
	A, Containing Papers of a Mathematical or Physical Character},
  year = {1922},
  volume = {222},
  pages = {309--368},
  owner = {JinLin},
  publisher = {JSTOR},
  timestamp = {2013.02.28}
}

@book{fox1991regression,
  title={Regression diagnostics: An introduction},
  author={Fox, John},
  volume={79},
  year={1991},
  publisher={Sage Publications},
  address = {Thousand Oaks, CA},
}

@article{fung2002influence,
  title={Influence diagnostics and outlier tests for semiparametric mixed models},
  author={Fung, Wing-Kam and Zhu, Zhong-Yi and Wei, Bo-Cheng and He, Xuming},
  journal={Journal of the Royal Statistical Society: Series B (Statistical Methodology)},
  volume={64},
  number={3},
  pages={565--579},
  year={2002},
  publisher={Wiley Online Library}
}

@BOOK{gelman2006data,
  title = {Data Analysis Using Regression and Multilevel/Hierarchical Models},
  publisher = {Cambridge University Press},
  year = {2006},
  author = {Gelman, Andrew and Hill, Jennifer},
  address = {New York},
  owner = {JinLin},
  timestamp = {2013.02.28}
}

@ARTICLE{goldsmith1951part,
  author = {Goldsmith, R.W.},
  title = {A Perpetual Inventory ol National Wealth},
  journal = {NBER Chapters},
  year = {1951},
  pages = {5--74},
  owner = {JinLin},
  publisher = {National Bureau of Economic Research, Inc},
  timestamp = {2013.02.28}
}

@ARTICLE{graven1979smoothing,
  author = {Graven, P and Wahba, G},
  title = {Smoothing noisy data with spline functions},
  journal = {Numerische Mathematik},
  year = {1979},
  volume = {31},
  pages = {377--403},
  owner = {JinLin},
  timestamp = {2013.02.28}
}

@BOOK{green1993nonparametric,
  title = {Nonparametric regression and generalized linear models: a roughness
	penalty approach},
  publisher = {Chapman \& Hall/CRC},
  year = {1994},
  author = {Green, Peter J and Silverman, Bernard W},
  volume = {58},
  address = {London},
  owner = {JinLin},
  timestamp = {2013.02.28}
}

@ARTICLE{gu2002penalized,
  author = {Gu, Chong and Kim, Young-Ju},
  title = {Penalized likelihood regression: General formulation and efficient
	approximation},
  journal = {Canadian Journal of Statistics},
  year = {2002},
  volume = {30},
  pages = {619--628},
  number = {4},
  owner = {JinLin},
  publisher = {Wiley Online Library},
  timestamp = {2013.02.28}
}

@book{hardin2007generalized,
  author = {Hardin, JW and Hilbe, JM},
  title = {Generalized linear models and extensions},
  year = {2007},
  address = {College Station, TX},
  owner = {JinLin},
  publisher = {Stata Press},
  timestamp = {2013.02.28}
}

@ARTICLE{hardle1988far,
  author = {H{\"a}rdle, Wolfgang and Hall, Peter and Marron, James Stephen},
  title = {How far are automatically chosen regression smoothing parameters
	from their optimum?},
  journal = {Journal of the American Statistical Association},
  year = {1988},
  volume = {83},
  pages = {86--95},
  number = {401},
  owner = {JinLin},
  publisher = {Taylor \& Francis Group},
  timestamp = {2013.02.28}
}

@BOOK{hardle1990applied,
  title = {Applied nonparametric regression},
  publisher = {Cambridge University Press},
  year = {1990},
  author = {Hardle, Wolfgang},
  volume = {27},
  address = {New York},
  owner = {JinLin},
  timestamp = {2013.02.28}
}

@article{harrod1939essay,
  title={An Essay in Dynamic Theory},
  author={Harrod, RF},
  journal={The Economic Journal},
  volume={49},
  number={193},
  pages={14--33},
  year={1939}
}

@ARTICLE{hart1994automated,
  author = {Hart, JD},
  title = {Automated Kernal Smoothin Of Dependent Data By Using Time Series
	Cross-Validation},
  journal = {Journal of the Royal Statistical Society. Series B. Methodological},
  year = {1994},
  volume = {56},
  pages = {529--542},
  number = {3},
  owner = {JinLin},
  publisher = {Royal Statistical Society},
  timestamp = {2013.02.28}
}

@ARTICLE{hartley1967maximum,
  author = {Hartley, Herman O and Rao, JNK},
  title = {Maximum-likelihood estimation for the mixed analysis of variance
	model},
  journal = {Biometrika},
  year = {1967},
  volume = {54},
  pages = {93--108},
  number = {1-2},
  owner = {JinLin},
  publisher = {Biometrika Trust},
  timestamp = {2013.02.28}
}

@ARTICLE{haslett1998residuals,
  author = {Haslett, John and Hayes, Kevin},
  title = {Residuals for the linear model with general covariance structure},
  journal = {Journal of the Royal Statistical Society: Series B (Statistical Methodology)},
  year = {1998},
  volume = {60},
  pages = {201--215},
  number = {1},
  owner = {JinLin},
  publisher = {Wiley Online Library},
  timestamp = {2013.03.04}
}

@ARTICLE{haslett1999simple,
  author = {Haslett, John},
  title = {A simple derivation of deletion diagnostic results for the general
	linear model with correlated errors},
  journal = {Journal of the Royal Statistical Society: Series B (Statistical Methodology)},
  year = {1999},
  volume = {61},
  pages = {603--609},
  number = {3},
  owner = {JinLin},
  publisher = {Wiley Online Library},
  timestamp = {2013.03.04}
}

@BOOK{hastie1990generalized,
  title = {Generalized additive models},
  publisher = {Chapman \& Hall/CRC},
  year = {1990},
  author = {Hastie, Trevor J and Tibshirani, Robert J},
  volume = {43},
  address = {London},
  owner = {JinLin},
  timestamp = {2013.02.28}
}

@BOOK{hastie2008elements,
  title = {The elements of statistical learning: data mining, inference, and
	prediction},
  publisher = {Springer},
  year = {2008},
  author = {Hastie, T. and Tibshirani, R. and Friedman, J.H.},
  series = {Springer series in statistics},
  address = {New York},
  isbn = {9780387848570},
  lccn = {2008941148},
  owner = {JinLin},
  timestamp = {2013.02.28}
}

@BOOK{keele2008semiparametric,
  title = {Semiparametric regression for the social sciences},
  publisher = {John Wiley \& Sons Ltd},
  year = {2008},
  author = {Keele, L.},
  address = {West Sussex, England},
  owner = {JinLin},
  timestamp = {2013.02.28}
}

@ARTICLE{kim2001cook,
  author = {Kim, Choongrak and Lee, Yonjoo and Park, Byeong U},
  title = {Cook's distance in local polynomial regression},
  journal = {Statistics \& probability letters},
  year = {2001},
  volume = {54},
  pages = {33--40},
  number = {1},
  publisher = {Elsevier}
}

@ARTICLE{kim2002influence,
  author = {Kim, C. and Park, B.U. and Kim, W.},
  title = {Influence diagnostics in semiparametric regression models},
  journal = {Statistics \& probability letters},
  year = {2002},
  volume = {60},
  pages = {49--58},
  number = {1},
  owner = {JinLin},
  publisher = {Elsevier},
  timestamp = {2013.02.28}
}

@ARTICLE{klein2003estimation,
  author = {Klein, L.R. and Ozmucur, S.},
  title = {The estimation of China's economic growth rate},
  journal = {Journal of Economic and Social Measurement},
  year = {2003},
  volume = {28},
  pages = {187--202},
  number = {4},
  owner = {JinLin},
  timestamp = {2013.02.28}
}

@ARTICLE{kohn1991performance,
  author = {Kohn, Robert and Ansley, Craig F and Tharm, David},
  title = {The performance of cross-validation and maximum likelihood estimators
	of spline smoothing parameters},
  journal = {Journal of the american statistical association},
  year = {1991},
  volume = {86},
  pages = {1042--1050},
  number = {416},
  owner = {JinLin},
  publisher = {Taylor \& Francis},
  timestamp = {2013.02.28}
}

@ARTICLE{laird1982random,
  author = {Laird, N.M. and Ware, J.H.},
  title = {Random-Effects Models for Longitudinal Data},
  journal = {Biometrics},
  year = {1982},
  volume = {38},
  pages = {963--974},
  number = {4},
  owner = {JinLin},
  timestamp = {2013.02.28}
}

@article{laird1982random,
  title={Random-effects models for longitudinal data.},
  author={Laird, NM and Ware, JH and others},
  journal={Biometrics},
  volume={38},
  number={4},
  pages={963},
  year={1982}
}

@ARTICLE{lee1996hierarchical,
  author = {Lee, Youngjo and Nelder, John A},
  title = {Hierarchical generalized linear models},
  journal = {Journal of the Royal Statistical Society. Series B (Methodological)},
  year = {1996},
  volume = {58},
  pages = {619--678},
  number = {4},
  owner = {JinLin},
  publisher = {JSTOR},
  timestamp = {2013.02.28}
}

@ARTICLE{lesaffre1998local,
  author = {Lesaffre, Emmanuel and Verbeke, Geert},
  title = {Local influence in linear mixed models.},
  journal = {Biometrics},
  year = {1998},
  volume = {54},
  pages = {570},
  number = {2}
}

@ARTICLE{liang1986longitudinal,
  author = {Liang, Kung-Yee and Zeger, Scott L},
  title = {Longitudinal data analysis using generalized linear models},
  journal = {Biometrika},
  year = {1986},
  volume = {73},
  pages = {13--22},
  number = {1},
  owner = {JinLin},
  publisher = {Biometrika Trust},
  timestamp = {2013.02.28}
}

@ARTICLE{lin1996bias,
  author = {Lin, Xihong and Breslow, Norman E},
  title = {Bias correction in generalized linear mixed models with multiple
	components of dispersion},
  journal = {Journal of the American Statistical Association},
  year = {1996},
  volume = {91},
  pages = {1007--1016},
  number = {435},
  owner = {JinLin},
  publisher = {Taylor \& Francis},
  timestamp = {2013.02.28}
}

@ARTICLE{lin1999inference,
  author = {Lin, X. and Zhang, D.},
  title = {Inference in generalized additive mixed models by using smoothing splines},
  journal = {Journal of the Royal Statistical Society: Series B (Statistical Methodology)},
  year = {1999},
  volume = {61},
  pages = {381--400},
  number = {2},
  owner = {JinLin},
  publisher = {Wiley Online Library},
  timestamp = {2013.02.28}
}

@BOOK{loader1999local,
  title = {Local regression and likelihood},
  publisher = {Springer},
  year = {1999},
  author = {Loader, Clive},
  address = {New York},
  owner = {JinLin},
  timestamp = {2013.02.28}
}

@article{lucas1988mechanics,
  title={On the mechanics of economic development},
  author={Lucas, Robert E},
  journal={Journal of monetary economics},
  volume={22},
  number={1},
  pages={3--42},
  year={1988},
  publisher={Elsevier}
}

@ARTICLE{martin1992leverage,
  author = {Martin, Richard J},
  title = {Leverage, influence and residuals in regression models when observations
	are correlated},
  journal = {Communications in statistics-theory and methods},
  year = {1992},
  volume = {21},
  pages = {1183--1212},
  number = {5},
  owner = {JinLin},
  publisher = {Taylor \& Francis},
  timestamp = {2013.03.04}
}

@BOOK{mccullagh1989generalized,
  title = {Generalized linear models},
  publisher = {Chapman \& Hall/CRC},
  year = {1989},
  author = {McCullagh, Peter and Nelder, John A},
  volume = {37},
  address = {New York},
  owner = {JinLin},
  timestamp = {2013.02.28}
}

@ARTICLE{mcculloch1997maximum,
  author = {McCulloch, Charles E},
  title = {Maximum likelihood algorithms for generalized linear mixed models},
  journal = {Journal of the American statistical Association},
  year = {1997},
  volume = {92},
  pages = {162--170},
  number = {437},
  owner = {JinLin},
  publisher = {Taylor \& Francis},
  timestamp = {2013.02.28}
}

@ARTICLE{nelder1972generalized,
  author = {Nelder, JA and Wedderburn, RWM},
  title = {Generalized Linear Models},
  journal = {Journal of the Royal Statistical Society. Series A},
  year = {1972},
  volume = {135},
  pages = {370},
  number = {3},
  owner = {JinLin},
  timestamp = {2013.02.28}
}

@ARTICLE{neyman1948consistent,
  author = {Neyman, Jerzy and Scott, Elizabeth L},
  title = {Consistent estimates based on partially consistent observations},
  journal = {Econometrica: Journal of the Econometric Society},
  year = {1948},
  volume = {16},
  pages = {1--32},
  number = {1},
  owner = {JinLin},
  publisher = {JSTOR},
  timestamp = {2013.02.28}
}

@ARTICLE{nychka1988bayesian,
  author = {Nychka, Douglas},
  title = {Bayesian confidence intervals for smoothing splines},
  journal = {Journal of the American Statistical Association},
  year = {1988},
  volume = {83},
  pages = {1134--1143},
  number = {404},
  owner = {JinLin},
  publisher = {Taylor \& Francis},
  timestamp = {2013.02.28}
}

@ARTICLE{ouwens2004local,
  author = {Ouwens, Mario JNM and Tan, Frans ES and Berger, Martijn PF},
  title = {Local influence to detect influential data structures for generalized
	linear mixed models},
  journal = {Biometrics},
  year = {2004},
  volume = {57},
  pages = {1166--1172},
  number = {4},
  publisher = {Wiley Online Library}
}

@BOOK{pan2002growth,
  title = {Growth curve models and statistical diagnostics},
  publisher = {Springer},
  year = {2002},
  author = {Pan, Jian-Xin and Fang, Kai-Tai},
  address = {New York}
}

@ARTICLE{patterson1971recovery,
  author = {Patterson, H Desmond and Thompson, Robin},
  title = {Recovery of inter-block information when block sizes are unequal},
  journal = {Biometrika},
  year = {1971},
  volume = {58},
  pages = {545--554},
  number = {3},
  owner = {JinLin},
  publisher = {Biometrika Trust},
  timestamp = {2013.02.28}
}

@BOOK{pinheiro2000mixed,
  title = {Mixed-effects models in S and S-PLUS},
  publisher = {Springer Verlag},
  year = {2000},
  author = {Pinheiro, Jos{\'e} C and Bates, Douglas M},
  address = {New York},
  owner = {JinLin},
  timestamp = {2013.02.28}
}

@BOOK{raudenbush2001hierarchical,
  title = {Hierarchical linear models: Applications and data analysis methods},
  publisher = {Sage Publications},
  year = {2001},
  author = {Raudenbush, Stephen W and Bryk, Anthony S},
  volume = {1},
  address = {Thousand Oaks, CA},
  owner = {JinLin},
  timestamp = {2013.02.28}
}

@article{rawski2001happening,
  title={What is happening to China's GDP statistics?},
  author={Rawski, Thomas G},
  journal={China Economic Review},
  volume={12},
  number={4},
  pages={347--354},
  year={2001},
  publisher={Elsevier}
}

@ARTICLE{rice1991estimating,
  author = {Rice, John A and Silverman, BW},
  title = {Estimating the Mean and Covariance Structure Nonparametrically when
	the Data are Curves},
  journal = {Journal of the Royal Statistical Society. Series B (Methodological)},
  year = {1991},
  volume = {53},
  pages = {233--243},
  number = {1},
  owner = {JinLin},
  timestamp = {2013.02.28}
}

@article{romer1986increasing,
  title={Increasing Returns and Long-Run Growth},
  author={Romer, Paul M},
  journal={The Journal of Political Economy},
  volume={94},
  number={5},
  pages={1002--1037},
  year={1986}
}

@book{romer2011advanced,
  title={Advanced Macroeconomics},
  author={Romer, D.},
  isbn={9780073511375},
  lccn={00059456},
  series={McGraw-Hill Series Economics},
  year={2011},
  publisher={McGraw-Hill Education},
address={New York},
}

@BOOK{ruppert2003semiparametric,
  title = {Semiparametric regression},
  publisher = {Cambridge University Press},
  year = {2003},
  author = {Ruppert, David and Wand, Matthew P and Carroll, Raymond J},
  volume = {12},
  address = {Cambridge},
  owner = {JinLin},
  timestamp = {2013.02.28}
}

@ARTICLE{silverman1985some,
  author = {Silverman, BW},
  title = {Some aspects of the spline smoothing approach to none-parametric
	regression curve fitting},
  journal = {Journal of the Royal Statistical Society. Series B. Methodological},
  year = {1985},
  volume = {47},
  pages = {1--52},
  number = {1},
  owner = {JinLin},
  publisher = {Royal Statistical Society},
  timestamp = {2013.02.28}
}

@article{solow1956contribution,
  title={A contribution to the theory of economic growth},
  author={Solow, Robert M},
  journal={The quarterly journal of economics},
  volume={70},
  number={1},
  pages={65--94},
  year={1956},
  publisher={Oxford University Press}
}

@article{solow1957technical,
  title={Technical change and the aggregate production function},
  author={Solow, Robert M},
  journal={The review of Economics and Statistics},
  volume={39},
  number={3},
  pages={312--320},
  year={1957},
  publisher={JSTOR}
}

@ARTICLE{speckman1988kernel,
  author = {Speckman, P.},
  title = {Kernel smoothing in partial linear models},
  journal = {Journal of the Royal Statistical Society. Series B. Methodological},
  year = {1988},
  volume = {50},
  pages = {413--436},
  number = {3},
  owner = {JinLin},
  publisher = {Royal Statistical Society},
  timestamp = {2013.02.28}
}

@ARTICLE{stone1986generalized,
  author = {Stone, Charles J},
  title = {[Generalized Additive Models]: Comment},
  journal = {Statistical Science},
  year = {1986},
  volume = {1},
  pages = {312--314},
  number = {3},
  owner = {JinLin},
  publisher = {Institute of Mathematical Statistics},
  timestamp = {2013.02.28}
}

@article{swan1956economic,
  title={Economic growth and capital accumulation},
  author={Swan, TW},
  journal={The Economic Record},
  volume={32},
  number={2},
  pages={334--361},
  year={1956},
  publisher={The Economic Society of Australia}
}

@article{tan2001detection,
  title={Detection of influential observations in longitudinal mixed effects regression models},
  author={Tan, Frans ES and Ouwens, Mario JN and Berger, Martijn PF},
  journal={Journal of the Royal Statistical Society: Series D (The Statistician)},
  volume={50},
  number={3},
  pages={271--284},
  year={2001},
  publisher={Wiley Online Library}
}

@ARTICLE{thompson1962problem,
  author = {Thompson, William A},
  title = {The problem of negative estimates of variance components},
  journal = {The Annals of Mathematical Statistics},
  year = {1962},
  volume = {33},
  pages = {273--289},
  number = {1},
  owner = {JinLin},
  publisher = {Institute of Mathematical Statistics},
  timestamp = {2013.02.28}
}

@ARTICLE{verbyla2002analysis,
  author = {Verbyla, Ar{\~u}nas P and Cullis, Brian R and Kenward, Michael G
	and Welham, Sue J},
  title = {The analysis of designed experiments and longitudinal data by using
	smoothing splines},
  journal = {Journal of the Royal Statistical Society: Series C (Applied Statistics)},
  year = {2002},
  volume = {48},
  pages = {269--311},
  number = {3},
  owner = {JinLin},
  publisher = {Wiley Online Library},
  timestamp = {2013.02.28}
}

@article{wahba1978improper,
  title={Improper Priors, Spline Smoothing and the Problem of Guarding Against Model Errors in Regression},
  author={Wahba, Grace},
  journal={Journal of the Royal Statistical Society. Series B (Methodological)},
  volume={40},
  number={3},
  pages={364--372},
  year={1978}
}

@ARTICLE{wahba1983bayesian,
  author = {Wahba, Grace},
  title = {Bayesian" confidence intervals" for the cross-validated smoothing
	spline},
  journal = {Journal of the Royal Statistical Society. Series B (Methodological)},
  year = {1983},
  volume = {45},
  pages = {133--150},
  number = {1},
  owner = {JinLin},
  publisher = {JSTOR},
  timestamp = {2013.02.28}
}

@ARTICLE{wahba1985comparison,
  author = {Wahba, G},
  title = {A comparison of GCV and GML for choosing the smoothing parameter
	in the generalized spline smoothing problem},
  journal = {Annals of statistics},
  year = {1985},
  volume = {13},
  pages = {1378--1402},
  number = {4},
  owner = {JinLin},
  publisher = {Institute of Mathematical Statistics},
  timestamp = {2013.02.28}
}

@BOOK{wahba1990spline,
  title = {Spline models for observational data},
  publisher = {Society for Industrial and Applied Mathematics},
  year = {1990},
  author = {Wahba, Grace},
  volume = {59},
  address = {Philadelphia},
  owner = {JinLin},
  timestamp = {2013.02.28}
}

@ARTICLE{wang1998smoothing,
  author = {Wang, Yuedong},
  title = {Smoothing spline models with correlated random errors},
  journal = {Journal of the American Statistical Association},
  year = {1998},
  volume = {93},
  pages = {341--348},
  number = {441},
  owner = {JinLin},
  publisher = {Taylor \& Francis Group},
  timestamp = {2013.02.28}
}

@BOOK{weisberg2005applied,
  title = {Applied linear regression},
  publisher = {John Wiley \& Sons Ltd},
  year = {2005},
  author = {Weisberg, Sanford},
  volume = {528},
  address = {New York},
  owner = {JinLin},
  timestamp = {2013.02.28}
}

@ARTICLE{wood2004stable,
  author = {Wood, S.N.},
  title = {Stable and efficient multiple smoothing parameter estimation for
	generalized additive models},
  journal = {Journal of the American Statistical Association},
  year = {2004},
  volume = {99},
  pages = {673--686},
  number = {467},
  owner = {JinLin},
  publisher = {ASA},
  timestamp = {2013.02.28}
}

@ARTICLE{wood2006confidence,
  author = {Wood, S.N.},
  title = {On confidence intervals for generalized additive models based on
	penalized regression splines},
  journal = {Australian \& New Zealand Journal of Statistics},
  year = {2006},
  volume = {48},
  pages = {445--464},
  number = {4},
  owner = {JinLin},
  publisher = {Wiley Online Library},
  timestamp = {2013.02.28}
}

@BOOK{wood2006generalized,
  title = {Generalized Additive Models: An Introduction with R},
  publisher = {Chapman \& Hall/CRC},
  year = {2006},
  author = {Wood, SN},
  address = {New York},
  owner = {JinLin},
  timestamp = {2013.02.28}
}

@ARTICLE{wood2006low,
  author = {Wood, S.N.},
  title = {Low-Rank Scale-Invariant Tensor Product Smooths for Generalized Additive
	Mixed Models},
  journal = {Biometrics},
  year = {2006},
  volume = {62},
  pages = {1025--1036},
  number = {4},
  owner = {JinLin},
  publisher = {Wiley Online Library},
  timestamp = {2013.02.28}
}

@ARTICLE{wood2008fast,
  author = {Wood, S.N.},
  title = {Fast stable direct fitting and smoothness selection for generalized
	additive models},
  journal = {Journal of the Royal Statistical Society: Series B (Statistical Methodology)},
  year = {2008},
  volume = {70},
  pages = {495--518},
  number = {3},
  owner = {JinLin},
  publisher = {Wiley Online Library},
  timestamp = {2013.02.28}
}

@ARTICLE{yatchew1985specification,
  author = {Yatchew, Adonis and Griliches, Zvi},
  title = {Specification Error in Probit Models},
  journal = {The Review of Economics and Statistics},
  year = {1985},
  volume = {67},
  pages = {134--39},
  number = {1},
  owner = {JinLin},
  publisher = {MIT Press},
  timestamp = {2013.02.28}
}

@ARTICLE{yee1996vector,
  author = {Yee, TW and Wild, CJ},
  title = {Vector generalized additive models},
  journal = {Journal of the Royal Statistical Society. Series B. Methodological},
  year = {1996},
  volume = {58},
  pages = {481--493},
  number = {3},
  owner = {JinLin},
  publisher = {Royal Statistical Society},
  timestamp = {2013.02.28}
}

@ARTICLE{zeger1991generalized,
  author = {Zeger, Scott L and Karim, M Rezaul},
  title = {Generalized linear models with random effects; a Gibbs sampling approach},
  journal = {Journal of the American statistical association},
  year = {1991},
  volume = {86},
  pages = {79--86},
  number = {413},
  owner = {JinLin},
  publisher = {Taylor \& Francis Group},
  timestamp = {2013.02.28}
}

@article{zeger1994semiparametric,
  title={Semiparametric models for longitudinal data with application to CD4 cell numbers in HIV seroconverters.},
  author={Zeger, SL and Diggle, PJ},
  journal={Biometrics},
  volume={50},
  number={3},
  pages={689},
  year={1994}
}

@ARTICLE{zhang1998semiparametric,
  author = {Zhang, Daowen and Lin, Xihong and Raz, Jonathan and Sowers, MaryFran},
  title = {Semiparametric stochastic mixed models for longitudinal data},
  journal = {Journal of the American Statistical Association},
  year = {1998},
  volume = {93},
  pages = {710--719},
  number = {442},
  owner = {JinLin},
  publisher = {Taylor \& Francis},
  timestamp = {2013.02.28}
}

@ARTICLE{zhang2003hypothesis,
  author = {Zhang, D. and Lin, X.},
  title = {Hypothesis testing in semiparametric additive mixed models},
  journal = {Biostatistics},
  year = {2003},
  volume = {4},
  pages = {57--74},
  number = {1},
  owner = {JinLin},
  publisher = {Biometrika Trust},
  timestamp = {2013.02.28}
}

@ARTICLE{zhu2001case,
  author = {Zhu, Hongtu and Lee, Sik-Yum and Wei, Bo-Cheng and Zhou, Julie},
  title = {Case-deletion measures for models with incomplete data},
  journal = {Biometrika},
  year = {2001},
  volume = {88},
  pages = {727--737},
  number = {3},
  publisher = {Biometrika Trust}
}

@ARTICLE{向书坚2011地区与国家,
  author = {向书坚 and 柴士改},
  title = {地区与国家 GDP 核算总量数据衔接方法比较研究},
  journal = {统计研究},
  year = {2011},
  volume = {28},
  pages = {14--21},
  number = {12},
  language = {Chinese},
  owner = {JinLin},
  timestamp = {2013.02.28}
}

@article{吕联泰2002地区,
  title={地区 GDP 核算方法探讨},
  author={吕联泰 and 陈正群},
  journal={江苏统计},
  number={10},
  pages={14--15},
  year={2002},
language={Chinese},
}

@ARTICLE{周国富2010中国地区,
  author = {周国富 and 连飞},
  title = {中国地区 GDP 数据质量评估——基于空间面板数据模型的经验分析},
  journal = {山西财经大学学报},
  year = {2010},
  pages = {17--23},
  number = {8},
  language = {Chinese},
  owner = {JinLin},
  timestamp = {2013.02.28}
}

@article{张浩2007,
  title={半参数广义线性混合效应模型的影响分析},
  author={张浩 and 朱仲义},
  journal={应用数学学报},
  volume={30},
  number={4},
  pages={743--756},
  year={2007},
  language = {Chinese},
}

@article{彭志龙2005,
  title={地区GDP流动分析},
  author={彭志龙},
  journal={统计研究},
  number={9},
  pages={3--7},
  year={2005},
language={Chinese},
}

@article{成邦文2001,
  title={统计数据质量检查与异常点识别的模型与方法},
  author={成邦文 and 石林芬 and 杨宏进},
  journal={系统工程},
  volume={19},
  number={3},
  year={2001},
  publisher={万方数据资源系统},
  language = {Chinese},
}

@article{曾林蕊2004,
  title={半参数广义线性模型的影响分析与异常点检验},
  author={曾林蕊 and 朱仲义 and 茆诗松},
  journal={高校应用数学学报: A 辑},
  volume={19},
  number={3},
  pages={323--323},
  year={2004},
  language = {Chinese},
}

@article{李子奈2005,
  title={宏观经济统计数据结构变化分析及其对中国的实证},
  author={李子奈 and 周建},
  journal={经济研究},
  number={1},
  pages={15--26},
  year={2005},
  language = {Chinese},
}

@ARTICLE{李芳林2003我国地区,
  author = {李芳林 and 赵喜仓},
  title = {我国地区 GDP 核算的改进},
  journal = {统计与决策},
  year = {2003},
  volume = {1},
  pages = {12},
  number = {1},
  language = {Chinese},
  owner = {JinLin},
  timestamp = {2013.02.28}
}

@article{柴士改2012,
  title={我国省级生产总值数据评估与调整研究},
  author={柴士改},
  journal={统计与决策},
  number={7},
  pages={12--16},
  year={2012},
  publisher={万方数据资源系统},
language={Chinese},
}

@BOOK{石磊2008多水平模型及其统计诊断,
  title = {多水平模型及其统计诊断},
  publisher = {科学出版社},
  year = {2008},
  author = {石磊},
  address = {北京},
  language = {Chinese},
}

@BOOK{费宇2005,
  title = {线性混合效应模型影响分析},
  publisher = {科学出版社},
  year = {2005},
  author = {费宇 and 潘建新},
  address = {北京},
  language = {Chinese},
  isbn = {9787030154903},
  owner = {JinLin},
  timestamp = {2013.03.04}
}

@article{赵为华2006,
  title={指数族半参数非线性模型的统计诊断和影响分析},
  author={赵为华 and 冯予},
  journal={应用数学学报},
  volume={29},
  number={4},
  pages={733--746},
  year={2006},
  language = {Chinese},
}

@ARTICLE{阙里2005中国地区,
  author = {阙里 and 钟笑寒},
  title = {中国地区 GDP 增长统计的真实性检验},
  journal = {数量经济技术经济研究},
  year = {2005},
  volume = {4},
  pages = {3--12},
  number = {4},
  language = {Chinese},
  owner = {JinLin},
  timestamp = {2013.02.28}
}

@ARTICLE{阮君2006关于国家和地区,
  author = {阮君},
  title = {关于国家和地区 GDP 统计差距的思考},
  journal = {统计与决策},
  year = {2006},
  pages = {49--51},
  number = {11},
  language = {Chinese},
  owner = {JinLin},
  timestamp = {2013.02.28}
}

@book{韦博成2009,
  title={统计诊断},
  author={韦博成 and 林金官 and 解锋昌},
  year={2009},
  publisher={高等教育出版社},
address={北京},
language={Chinese},
}

@book{cressie1993statistics,
  title={Statistics for Spatial Data, revised edition},
  author={Cressie, Noel AC},
  volume={928},
  year={1993},
  publisher={Wiley},
address={New York},
}

@book{fahrmeir1994multivariate,
  title={Multivariate statistical modelling based on generalized linear models},
  author={Fahrmeir, Ludwig and Tutz, Gerhard},
  volume={2},
  year={1994},
  publisher={Springer},
address={New York},
}

@book{lindsey1997applying,
  title={Applying generalized linear models},
  author={Lindsey, James K},
  year={1997},
  publisher={Springer},
address={New York},
}

@book{olsson2002generalized,
  title={Generalized linear models: an applied approach},
  author={Olsson, Ulf},
  year={2002},
  publisher={Studentlitteratur},
address={Lund, Sweden},
}

@book{dobson2008introduction,
  title={An Introduction to Generalized Linear Models},
  author={Dobson, A.J. and Barnett, A.G.},
  isbn={9781584889502},
  lccn={2008013034},
  series={Texts in Statistical Science Series},
  year={2008},
  publisher={CRC Press},
address={London},
}

@article{heckman1986spline,
  title={Spline smoothing in a partly linear model},
  author={Heckman, NE},
  journal={Journal of the Royal Statistical Society. Series B. Methodological},
  volume={48},
  number={2},
  pages={244--248},
  year={1986},
  publisher={Royal Statistical Society}
}

@article{chen1988convergence,
  title={Convergence rates for parametric components in a partly linear model},
  author={Chen, Hung},
  journal={Annals of statistics},
  volume={16},
  number={1},
  pages={136--146},
  year={1988},
  publisher={Institute of Mathematical Statistics}
}

@article{bickel1993estimation,
  title={Estimation in semiparametric models},
  author={Bickel, PJ},
  journal={Multivariate Analysis: Future Directions},
  pages={55--73},
  year={1993},
  publisher={Elsevier, Amsterdam}
}

@article{severini1994quasi,
  title={Quasi-likelihood estimation in semiparametric models},
  author={Severini, Thomas A and Staniswalis, Joan G},
  journal={Journal of the American Statistical Association},
  volume={89},
  number={426},
  pages={501--511},
  year={1994},
  publisher={Taylor \& Francis Group}
}

@article{hardle1998testing,
  title={Testing parametric versus semiparametric modeling in generalized linear models},
  author={H{\"a}rdle, Wolfgang and Mammen, Enno and M{\"u}ller, Marlene},
  journal={Journal of the American Statistical Association},
  volume={93},
  number={444},
  pages={1461--1474},
  year={1998},
  publisher={Taylor \& Francis Group}
}

@article{muller2001estimation,
  title={Estimation and testing in generalized partial linear models—a comparative study},
  author={M{\"u}ller, Marlene},
  journal={Statistics and Computing},
  volume={11},
  number={4},
  pages={299--309},
  year={2001},
  publisher={Springer}
}

@article{ma2006efficient,
  title={Efficient semiparametric estimator for heteroscedastic partially linear models},
  author={Ma, Yanyuan and Chiou, Jeng-Min and Wang, Naisyin},
  journal={Biometrika},
  volume={93},
  number={1},
  pages={75--84},
  year={2006},
  publisher={Biometrika Trust}
}

@book{hardle2000partially,
  title={Partially linear models},
  author={H{\"a}rdle, Wolfgang and Liang, Hua and Gao, Jiti},
  year={2000},
 publisher={Springer},
address={New York},
}

@book{yatchew2003semiparametric,
  title={Semiparametric regression for the applied econometrician},
  author={Yatchew, Adonis},
  year={2003},
  publisher={Cambridge University Press},
address={New York},
}

@article{opsomer1999root,
  title={A root-n consistent backfitting estimator for semiparametric additive modeling},
  author={Opsomer, Jean D and Ruppert, David},
  journal={Journal of Computational and Graphical Statistics},
  volume={8},
  number={4},
  pages={715--732},
  year={1999},
  publisher={Taylor \& Francis Group}
}

@article{mammen1999existence,
  title={The existence and asymptotic properties of a backfitting projection algorithm under weak conditions},
  author={Mammen, Enno and Linton, Oliver and Nielsen, J},
  journal={The Annals of Statistics},
  volume={27},
  number={5},
  pages={1443--1490},
  year={1999},
  publisher={Institute of Mathematical Statistics}
}

@article{nielsen2005smooth,
  title={Smooth backfitting in practice},
  author={Nielsen, Jens Perch and Sperlich, Stefan},
  journal={Journal of the Royal Statistical Society: Series B (Statistical Methodology)},
  volume={67},
  number={1},
  pages={43--61},
  year={2005},
  publisher={Wiley Online Library}
}

@article{buja1989linear,
  title={Linear Smoothers and Additive Models},
  author={Buja, Andreas and Hastie, Trevor and Tibshirani, Robert},
  journal={The Annals of Statistics},
  volume={17},
  number={2},
  pages={453--510},
  year={1989}
}

@article{friedman1981projection,
  title={Projection pursuit regression},
  author={Friedman, Jerome H and Stuetzle, Werner},
  journal={Journal of the American statistical Association},
  volume={76},
  number={376},
  pages={817--823},
  year={1981},
  publisher={Taylor \& Francis}
}

@article{tjostheim1994nonparametric,
  title={Nonparametric identification of nonlinear time series: selecting significant lags},
  author={Tj{\o}stheim, Dag and Auestad, Bj{\o}rn H},
  journal={Journal of the American Statistical Association},
  volume={89},
  number={428},
  pages={1410--1419},
  year={1994},
  publisher={Taylor \& Francis}
}

@article{linton1995kernel,
  title={A kernel method of estimating structured nonparametric regression based on marginal integration},
  author={Linton, Oliver and Nielsen, Jens Perch},
  journal={Biometrika},
  volume={82},
  number={1},
  pages={93--100},
  year={1995}
}

@article{newey1994kernel,
  title={Kernel estimation of partial means and a general variance estimator},
  author={Newey, Whitney K},
  journal={Econometric Theory},
  volume={10},
  number={2},
  pages={1--21},
  year={1994},
  publisher={Cambridge Univ Press}
}

@article{hastie1996pseudosplines,
  title={Pseudosplines},
  author={Hastie, T},
  journal={Journal of the Royal Statistical Society. Series B. Methodological},
  volume={58},
  number={2},
  pages={379--396},
  year={1996},
  publisher={Royal Statistical Society}
}

@article{marx1998direct,
  title={Direct generalized additive modeling with penalized likelihood},
  author={Marx, Brian D and Eilers, Paul HC},
  journal={Computational Statistics \& Data Analysis},
  volume={28},
  number={2},
  pages={193--209},
  year={1998},
  publisher={Elsevier}
}

@article {Lin2009,
author = {Lin, Lu and Cui, Xia and Zhu, Lixing},
title = {An Adaptive Two-stage Estimation Method for Additive Models},
journal = {Scandinavian Journal of Statistics},
volume = {36},
number = {2},
publisher = {Blackwell Publishing Ltd},
pages = {248--269},
year = {2009},
}

@article{zheng2008selection,
  title={Selection of components and degrees of smoothing via lasso in high dimensional nonparametric additive models},
  author={Zheng, Shurong},
  journal={Computational Statistics \& Data Analysis},
  volume={53},
  number={1},
  pages={164--175},
  year={2008},
  publisher={Elsevier}
}

@article{huang2010variable,
  title={Variable selection in nonparametric additive models},
  author={Huang, Jian and Horowitz, Joel L and Wei, Fengrong},
  journal={Annals of statistics},
  volume={38},
  number={4},
  pages={2282},
  year={2010},
  publisher={NIH Public Access}
}

@article{marra2011practical,
  title={Practical variable selection for generalized additive models},
  author={Marra, Giampiero and Wood, Simon N},
  journal={Computational Statistics \& Data Analysis},
  volume={55},
  number={7},
  pages={2372--2387},
  year={2011},
  publisher={Elsevier}
}

@article{施沛德1994,
  title={部分线性模型参数分量的 L1 模估计的渐近正态性},
  author={施沛德 and 李国英},
  journal={数学年刊: A 辑},
  volume={1},
  number={4},
  pages={478--484},
  year={1994},
  language = {Chinese}
}

@article{高集体1995,
  title={部分线性模型中估计的收敛速度},
  author={高集体 and 洪圣岩 and 梁华},
  journal={数学学报},
  volume={38},
  number={5},
  pages={658--669},
  year={1995},
  language = {Chinese}
}

@book{柴根象1995,
  title={半参数回归模型},
  author={柴根象 and 洪圣岩},
  year={1995},
  publisher={安徽教育出版社},
address={合肥},
  language = {Chinese}
}

@article{钱伟民1999,
  title={半参数回归模型的估计的渐近性质},
  author={钱伟民 and 柴根象},
  journal={高校应用数学学报: A 辑},
  volume={14},
  number={2},
  pages={161--168},
  year={1999},
  language = {Chinese}
}

@article{朱仲义2001,
  title={半参数非线性模型的统计诊断与影响分析},
  author={朱仲义 and 韦博成},
  journal={应用数学学报},
  volume={24},
  number={4},
  pages={568--581},
  year={2001},
  language = {Chinese}
}

@article{冉昊2004,
  title={半参数回归模型的异方差统计分析},
  author={冉昊 and 朱仲义},
  journal={应用概率统计},
  volume={20},
  number={1},
  pages={83--90},
  year={2004},
  language = {Chinese}
}

@article{魏传华2006,
  title={半参数空间变系数回归模型的 Back-Fitting 估计},
  author={魏传华 and 梅长林},
  journal={数学的实践与认识},
  volume={36},
  number={3},
  pages={16--19},
  year={2006},
  language = {Chinese}
}

@article{胡宏昌2006,
  title={半参数回归模型小波估计的强相合性},
  author={胡宏昌 and 胡迪鹤},
  journal={数学学报},
  volume={49},
  number={6},
  pages={1417--1424},
  year={2006},
  language = {Chinese}
}

@article{姜玉英2008,
  title={固定设计下半参数回归模型小波估计的收敛速度},
  author={姜玉英 and 刘强},
  journal={福州大学学报: 自然科学版},
  volume={36},
  number={2},
  pages={176--181},
  year={2008},
  language = {Chinese}
}

@article{王成勇2010,
  title={有结构变化的半参数回归模型},
  author={王成勇 and 艾春荣 and 王少平},
  journal={应用概率统计},
  volume={26},
  number={5},
  pages={501--514},
  year={2010},
  language = {Chinese}
}

@article{黄四民1994,
  title={用半参数部分线性模型分析居民消费结构},
  author={黄四民 and 梁华},
  journal={数量经济技术经济研究},
  number={10},
  pages={33--38},
  year={1994},
  language = {Chinese}
}

@article{梁华1995,
  title={再论半参数部分线性模型在居民消费结构分析中的应用},
  author={梁华 and 熊健},
  journal={数理统计与管理},
  volume={14},
  number={6},
  pages={9--17},
  year={1995},
  language = {Chinese}
}

@article{王一兵2005,
  title={商品房价格指数的半参数分析},
  author={王一兵},
  journal={数量经济技术经济研究},
  volume={22},
  number={5},
  pages={101--109},
  year={2005},
  language = {Chinese}
}

@article{许允彬2007,
  title={我国农村居民消费行为的半参数分析},
  author={许允彬 and 赵卫亚},
  journal={统计与决策},
  number={1},
  pages={89--90},
  year={2007},
  language = {Chinese}
}

@article{李燕凌2009,
  title={新型农村合作医疗农户参与行为分析},
  author={李燕凌 and 李立清},
  journal={中国农村经济},
  number={9},
  pages={43--45},
  year={2009},
  language = {Chinese}
}

@article{钱争鸣2009,
  title={中国教育收益率统计估计与分析——基于参数和半参数估计方法的比较},
  author={钱争鸣 and 易莹莹},
  journal={统计研究},
  volume={26},
  number={7},
  pages={43--50},
  year={2009},
  language = {Chinese}
}

@article{林相森2008,
  title={我国居民医疗需求影响因素的实证分析——有序 probit 模型的半参数估计},
  author={林相森 and 艾春荣},
  journal={统计研究},
  volume={25},
  number={11},
  pages={40--45},
  year={2008},
  language = {Chinese}
}

@article{王磊2012,
  title={经济增长, 结构变迁与中国能源消费——基于半参数广义可加模型的经验研究},
  author={王磊 and 吕璐 and 解明明},
  journal={华东经济管理},
  number={8},
  pages={59--65},
  year={2012},
  language = {Chinese}
}

@article{蔡宗武2012,
  title={人民币汇率的半参数预测模型},
  author={蔡宗武 and 陈琳娜 and 方颖},
  journal={系统工程理论与实践},
  volume={32},
  number={4},
  pages={685--692},
  year={2012},
  language = {Chinese}
}